@misc{cryptanalysis,
    author    = {aircrack},
    title     = {Cryptanalysis of IEEE 802.11i TKIP},
    url       = {http://download.aircrack-ng.org/wiki-files/doc/tkip_master.pdf}
}
@misc{two,
    author    = {Cisco},
    title     = {Overview of Keepalive Mechanisms on Cisco IOS},
    url       = {http://www.cisco.com/c/en/us/support/docs/content-networking/keepalives/118390-technote-keepalive-00.html},
    keywords  = {cisco keepalive used for},
}

@misc{three,
    author    = {Wireshark},
    title     = {VLANS},
    url       = {https://wiki.wireshark.org/VLAN},
    keywords  = {vlan tag},
}
@misc{four,
    author    = {uow},
    title     = {Michael},
    url       = {http://www.uow.edu.au/~jennie/WEB/WEB05/Michael.pdf}
}@misc{five,
    author    = {uow},
    title     = {iacr e print},
    url       = {https://eprint.iacr.org/2006/129.pdf}
}